@article{gamma_gamma_22Na,
  title = {γ-γ Coincidence in $^{22}$Na},
  author = {Experiment GGC},
  journal = {University of Florida — Department of Physics},
  year = {2019},
  month = {February},
  note = {PHY4803L — Advanced Physics Laboratory},
}

%%ejemplo
